2021-08-24 23:30:53.550419,BNBUSDT,Sell,471.39,0
2021-08-24 23:31:05.381087,BNBUSDT,Buy,471.71,0
2021-08-24 23:31:19.972684,BNBUSDT,Sell,471.85,0
2021-08-24 23:31:26.055268,BNBUSDT,Buy,472.5,0
2021-08-24 23:32:16.647952,BNBUSDT,Buy,471.6,0
2021-08-24 23:32:27.556481,BNBUSDT,Sell,471.35,0
2021-08-24 23:32:41.363626,BNBUSDT,Buy,471.02,0
2021-08-24 23:32:47.669413,BNBUSDT,Sell,470.49,0
2021-08-24 23:32:52.128687,BNBUSDT,Buy,470.7,0
2021-08-24 23:32:59.980799,BNBUSDT,Sell,470.98,0
2021-08-24 23:33:10.052813,BNBUSDT,Buy,471.08,0
2021-08-24 23:33:39.257972,BNBUSDT,Sell,471.65,0
2021-08-24 23:33:54.325881,BNBUSDT,Buy,471.48,0
2021-08-24 23:34:13.726094,BNBUSDT,Sell,471.94,0
2021-08-24 23:34:22.042004,BNBUSDT,Buy,472.26,0
2021-08-24 23:34:25.149503,BNBUSDT,Sell,471.99,0
2021-08-24 23:34:35.560023,BNBUSDT,Buy,472.29,0
2021-08-24 23:34:49.270536,BNBUSDT,Sell,471.9,0
2021-08-24 23:34:54.477206,BNBUSDT,Buy,471.8,0
2021-08-24 23:35:00.697,BNBUSDT,Sell,471.83,0
2021-08-24 23:35:18.997646,BNBUSDT,Buy,472.23,0
2021-08-24 23:35:26.958645,BNBUSDT,Sell,471.74,0
2021-08-24 23:35:29.989181,BNBUSDT,Buy,471.97,0
2021-08-24 23:35:41.516663,BNBUSDT,Sell,472.03,0
2021-08-24 23:35:48.672041,BNBUSDT,Buy,472.1,0
2021-08-24 23:35:54.990688,BNBUSDT,Sell,472.08,0
2021-08-24 23:36:08.289689,BNBUSDT,Buy,472.34,0
2021-08-24 23:36:25.173280,BNBUSDT,Sell,471.96,0
2021-08-24 23:36:35.651678,BNBUSDT,Buy,471.96,0
2021-08-24 23:37:14.166282,BNBUSDT,Sell,472.51,0
2021-08-24 23:38:16.315134,BNBUSDT,Buy,471.72,0
2021-08-24 23:38:21.090964,BNBUSDT,Sell,471.64,0
2021-08-24 23:38:30.115200,BNBUSDT,Buy,471.91,0
2021-08-24 23:38:40.562453,BNBUSDT,Sell,472.12,0
2021-08-24 23:38:47.054847,BNBUSDT,Buy,472.65,0
2021-08-24 23:38:54.199060,BNBUSDT,Sell,472.38,0
2021-08-24 23:39:09.183763,BNBUSDT,Buy,472.01,0
2021-08-24 23:39:13.923731,BNBUSDT,Sell,471.65,0
2021-08-24 23:39:18.269617,BNBUSDT,Buy,472.11,0
2021-08-24 23:39:31.789187,BNBUSDT,Sell,472.2,0
2021-08-24 23:40:00.189607,BNBUSDT,Buy,471.88,0
2021-08-24 23:40:27.838621,BNBUSDT,Sell,471.6,0
2021-08-24 23:40:47.713105,BNBUSDT,Buy,471.27,0
2021-08-24 23:40:55.818349,BNBUSDT,Sell,471.41,0
2021-08-24 23:41:02.931825,BNBUSDT,Buy,471.65,0
2021-08-24 23:41:09.947641,BNBUSDT,Sell,471.29,0
2021-08-24 23:41:36.645550,BNBUSDT,Buy,471.0,0
2021-08-24 23:41:40.990891,BNBUSDT,Sell,470.77,0
2021-08-24 23:42:09.950828,BNBUSDT,Buy,470.11,0
2021-08-24 23:42:49.426957,BNBUSDT,Sell,471.25,0
2021-08-24 23:43:03.998628,BNBUSDT,Buy,470.47,0
2021-08-24 23:43:10.012701,BNBUSDT,Sell,469.83,0
2021-08-24 23:43:22.456552,BNBUSDT,Buy,470.34,0
2021-08-24 23:43:41.331157,BNBUSDT,Sell,469.8,0
2021-08-24 23:43:54.175535,BNBUSDT,Buy,469.31,0
2021-08-24 23:43:58.731313,BNBUSDT,Sell,469.02,0
2021-08-24 23:44:05.796235,BNBUSDT,Buy,469.25,0
2021-08-24 23:44:10.207534,BNBUSDT,Sell,469.14,0
2021-08-24 23:44:17.333339,BNBUSDT,Buy,469.56,0
2021-08-24 23:44:22.842260,BNBUSDT,Sell,469.38,0
2021-08-24 23:44:28.801802,BNBUSDT,Buy,470.14,0
2021-08-24 23:44:31.560966,BNBUSDT,Sell,469.92,0
2021-08-24 23:44:34.570380,BNBUSDT,Buy,470.54,0
2021-08-24 23:44:46.020106,BNBUSDT,Sell,470.39,0
2021-08-24 23:44:56.466104,BNBUSDT,Buy,470.07,0
2021-08-24 23:44:59.536072,BNBUSDT,Sell,469.78,0
2021-08-24 23:45:05.153324,BNBUSDT,Buy,469.52,0
2021-08-24 23:45:29.028880,BNBUSDT,Sell,470.05,0
2021-08-24 23:45:34.851380,BNBUSDT,Buy,469.81,0
2021-08-24 23:45:40.433806,BNBUSDT,Sell,468.95,0
2021-08-24 23:45:59.063733,BNBUSDT,Buy,468.76,0
2021-08-24 23:46:11.820724,BNBUSDT,Sell,468.41,0
2021-08-24 23:46:39.619597,BNBUSDT,Buy,467.94,0
2021-08-24 23:46:55.664964,BNBUSDT,Sell,469.21,0
2021-08-24 23:47:02.861519,BNBUSDT,Buy,469.04,0
2021-08-24 23:47:08.430826,BNBUSDT,Sell,468.45,0
2021-08-24 23:47:15.463203,BNBUSDT,Buy,468.71,0
2021-08-24 23:47:22.806032,BNBUSDT,Sell,468.36,0
2021-08-24 23:47:25.743514,BNBUSDT,Buy,468.49,0
2021-08-24 23:47:30.400502,BNBUSDT,Sell,468.16,0
2021-08-24 23:47:38.822729,BNBUSDT,Buy,468.62,0
2021-08-24 23:47:41.627320,BNBUSDT,Sell,468.49,0
2021-08-24 23:47:44.414282,BNBUSDT,Buy,468.6,0
2021-08-24 23:47:52.994759,BNBUSDT,Sell,468.11,0
2021-08-24 23:48:01.402127,BNBUSDT,Buy,468.38,0
2021-08-24 23:48:04.253271,BNBUSDT,Sell,468.4,0
2021-08-24 23:48:21.970888,BNBUSDT,Buy,468.45,0
2021-08-24 23:48:36.543114,BNBUSDT,Sell,468.43,0
2021-08-24 23:49:06.360875,BNBUSDT,Buy,468.28,0
2021-08-24 23:49:14.138900,BNBUSDT,Sell,468.09,0
2021-08-24 23:49:53.270925,BNBUSDT,Buy,467.5,0
2021-08-24 23:50:02.629256,BNBUSDT,Sell,467.54,0
2021-08-24 23:50:14.291711,BNBUSDT,Buy,467.47,0
2021-08-24 23:50:17.136379,BNBUSDT,Sell,466.91,0
2021-08-24 23:50:56.092376,BNBUSDT,Buy,467.05,0
2021-08-24 23:51:01.908037,BNBUSDT,Sell,466.83,0
2021-08-24 23:51:20.855382,BNBUSDT,Buy,466.49,0
2021-08-24 23:51:38.590845,BNBUSDT,Sell,466.18,0
2021-08-24 23:51:49.967064,BNBUSDT,Buy,466.21,0
2021-08-24 23:52:03.444971,BNBUSDT,Sell,466.8,0
2021-08-24 23:52:06.320831,BNBUSDT,Buy,467.49,0
2021-08-24 23:52:22.839793,BNBUSDT,Sell,468.21,0
2021-08-24 23:52:33.927513,BNBUSDT,Buy,468.29,0
2021-08-24 23:52:44.934197,BNBUSDT,Sell,468.67,0
2021-08-24 23:52:48.074009,BNBUSDT,Buy,468.73,0
2021-08-24 23:53:07.184654,BNBUSDT,Sell,468.83,0
2021-08-24 23:53:13.479777,BNBUSDT,Buy,469.35,0
2021-08-24 23:53:36.520481,BNBUSDT,Sell,470.08,0
2021-08-24 23:53:57.690616,BNBUSDT,Buy,470.14,0
2021-08-24 23:55:02.325409,BNBUSDT,Sell,471.3,0
2021-08-24 23:55:21.544818,BNBUSDT,Buy,470.62,0
2021-08-24 23:55:27.208220,BNBUSDT,Sell,470.35,0
2021-08-24 23:55:31.586213,BNBUSDT,Buy,470.53,0
2021-08-24 23:55:37.643491,BNBUSDT,Sell,470.21,0
2021-08-24 23:55:43.390582,BNBUSDT,Buy,470.49,0
2021-08-24 23:55:47.552374,BNBUSDT,Sell,470.18,0
2021-08-24 23:56:01.942153,BNBUSDT,Buy,470.03,0
2021-08-24 23:56:13.342700,BNBUSDT,Sell,470.02,0
2021-08-24 23:56:22.233453,BNBUSDT,Buy,470.18,0
2021-08-24 23:56:25.113523,BNBUSDT,Sell,469.93,0
2021-08-24 23:57:10.459277,BNBUSDT,Buy,468.8,0
2021-08-24 23:57:20.544234,BNBUSDT,Sell,468.29,0
2021-08-24 23:57:53.685519,BNBUSDT,Buy,468.02,0
2021-08-24 23:58:01.971362,BNBUSDT,Sell,467.57,0
2021-08-24 23:58:14.552650,BNBUSDT,Buy,467.88,0
2021-08-24 23:58:37.385781,BNBUSDT,Sell,468.34,0
2021-08-24 23:58:53.708033,BNBUSDT,Buy,468.31,0
2021-08-24 23:58:59.261278,BNBUSDT,Sell,468.01,0
2021-08-24 23:59:08.398112,BNBUSDT,Buy,468.15,0
2021-08-24 23:59:25.187471,BNBUSDT,Sell,468.88,0
2021-08-24 23:59:40.753725,BNBUSDT,Buy,468.94,0
2021-08-24 23:59:52.605503,BNBUSDT,Sell,468.76,0
2021-08-25 00:00:09.360082,BNBUSDT,Buy,467.9,0
2021-08-25 00:00:16.727249,BNBUSDT,Sell,467.06,0
2021-08-25 00:00:25.365202,BNBUSDT,Buy,467.27,0
2021-08-25 00:00:37.364915,BNBUSDT,Sell,467.6,0
2021-08-25 00:00:42.920185,BNBUSDT,Buy,468.03,0
2021-08-25 00:01:15.009694,BNBUSDT,Sell,470.24,0
2021-08-25 00:01:20.706442,BNBUSDT,Buy,470.3,0
2021-08-25 00:01:23.493034,BNBUSDT,Sell,470.23,0
2021-08-25 00:01:36.779501,BNBUSDT,Buy,470.46,0
2021-08-25 00:02:02.295466,BNBUSDT,Sell,470.83,0
2021-08-25 00:02:07.827212,BNBUSDT,Buy,471.33,0
2021-08-25 00:02:19.783632,BNBUSDT,Sell,470.95,0
2021-08-25 00:02:31.473866,BNBUSDT,Buy,471.15,0
2021-08-25 00:02:43.471676,BNBUSDT,Sell,471.01,0
2021-08-25 00:02:49.078434,BNBUSDT,Buy,471.56,0
2021-08-25 00:03:11.130045,BNBUSDT,Sell,471.66,0
2021-08-25 00:03:13.936046,BNBUSDT,Buy,471.89,0
2021-08-25 00:03:22.389234,BNBUSDT,Sell,471.51,0
2021-08-25 00:03:26.694079,BNBUSDT,Buy,471.97,0
2021-08-25 00:03:32.534239,BNBUSDT,Sell,471.52,0
2021-08-25 00:03:37.608494,BNBUSDT,Buy,471.76,0
2021-08-25 00:03:52.502782,BNBUSDT,Sell,472.02,0
2021-08-25 00:03:58.118224,BNBUSDT,Buy,472.04,0
2021-08-25 00:04:00.890473,BNBUSDT,Sell,471.86,0
2021-08-25 00:04:03.739495,BNBUSDT,Buy,471.99,0
2021-08-25 00:04:49.837300,BNBUSDT,Sell,472.21,0
2021-08-25 00:05:00.257899,BNBUSDT,Buy,472.57,0
2021-08-25 00:05:08.669837,BNBUSDT,Sell,472.1,0
2021-08-25 00:05:17.189193,BNBUSDT,Buy,472.15,0
2021-08-25 00:05:45.868559,BNBUSDT,Sell,473.09,0
2021-08-25 00:05:54.478401,BNBUSDT,Buy,473.09,0
2021-08-25 00:06:00.386939,BNBUSDT,Sell,472.8,0
2021-08-25 00:06:06.588724,BNBUSDT,Buy,473.06,0
2021-08-25 00:06:18.230205,BNBUSDT,Sell,472.79,0
2021-08-25 00:06:31.091114,BNBUSDT,Buy,472.77,0
2021-08-25 00:06:46.021262,BNBUSDT,Sell,472.5,0
2021-08-25 00:07:10.691058,BNBUSDT,Buy,471.75,0
2021-08-25 00:07:31.124041,BNBUSDT,Sell,471.76,0
2021-08-25 00:07:37.561264,BNBUSDT,Buy,471.95,0
2021-08-25 00:07:52.305660,BNBUSDT,Sell,471.82,0
2021-08-25 00:07:56.559170,BNBUSDT,Buy,472.25,0
2021-08-25 00:08:15.182806,BNBUSDT,Sell,472.88,0
2021-08-25 00:08:35.559163,BNBUSDT,Buy,472.75,0
2021-08-25 00:08:42.792247,BNBUSDT,Sell,472.78,0
2021-08-25 00:08:54.157813,BNBUSDT,Buy,472.84,0
2021-08-25 00:09:01.537177,BNBUSDT,Sell,472.49,0
2021-08-25 00:09:09.954334,BNBUSDT,Buy,472.71,0
2021-08-25 00:09:14.169235,BNBUSDT,Sell,472.51,0
2021-08-25 00:09:21.524437,BNBUSDT,Buy,472.52,0
2021-08-25 00:09:31.591264,BNBUSDT,Sell,472.38,0
2021-08-25 00:09:50.252578,BNBUSDT,Buy,472.37,0
2021-08-25 00:10:09.274209,BNBUSDT,Sell,472.5,0
2021-08-25 00:10:12.385457,BNBUSDT,Buy,472.65,0
2021-08-25 00:10:17.015576,BNBUSDT,Sell,472.14,0
2021-08-25 00:10:47.752183,BNBUSDT,Buy,471.12,0
2021-08-25 00:11:05.158462,BNBUSDT,Sell,471.13,0
2021-08-25 00:11:12.123723,BNBUSDT,Buy,471.42,0
2021-08-25 00:11:31.160828,BNBUSDT,Sell,471.2,0
2021-08-25 00:12:11.144959,BNBUSDT,Buy,471.39,0
2021-08-25 00:12:37.812708,BNBUSDT,Sell,471.52,0
2021-08-25 00:12:41.774463,BNBUSDT,Buy,471.96,0
2021-08-25 00:12:54.916072,BNBUSDT,Sell,472.34,0
2021-08-25 00:13:01.153346,BNBUSDT,Buy,472.6,0
2021-08-25 00:13:22.880132,BNBUSDT,Sell,472.09,0
2021-08-25 00:14:12.098847,BNBUSDT,Buy,472.17,0
2021-08-25 00:14:37.117140,BNBUSDT,Sell,471.95,0
2021-08-25 00:14:54.011773,BNBUSDT,Buy,472.17,0
2021-08-25 00:15:05.431263,BNBUSDT,Sell,472.01,0
2021-08-25 00:15:32.453579,BNBUSDT,Buy,471.69,0
2021-08-25 00:15:41.361549,BNBUSDT,Sell,471.65,0
2021-08-25 00:15:44.249671,BNBUSDT,Buy,471.92,0
2021-08-25 00:15:50.194879,BNBUSDT,Sell,471.51,0
2021-08-25 00:15:54.641466,BNBUSDT,Buy,471.81,0
2021-08-25 00:16:01.007865,BNBUSDT,Sell,471.36,0
2021-08-25 00:16:05.636883,BNBUSDT,Buy,471.51,0
2021-08-25 00:16:35.597441,BNBUSDT,Sell,471.22,0
2021-08-25 00:16:38.989666,BNBUSDT,Buy,471.49,0
2021-08-25 00:17:30.126206,BNBUSDT,Sell,472.08,0
2021-08-25 00:17:47.651667,BNBUSDT,Buy,472.42,0
2021-08-25 00:18:17.065018,BNBUSDT,Sell,473.43,0
2021-08-25 00:18:45.671755,BNBUSDT,Buy,473.55,0
2021-08-25 00:19:00.658129,BNBUSDT,Sell,473.51,0
2021-08-25 00:19:03.563108,BNBUSDT,Buy,473.88,0
2021-08-25 00:19:11.040774,BNBUSDT,Sell,473.99,0
2021-08-25 00:19:34.371317,BNBUSDT,Buy,474.33,0
2021-08-25 00:19:45.468918,BNBUSDT,Sell,474.1,0
2021-08-25 00:19:49.933175,BNBUSDT,Buy,474.19,0
2021-08-25 00:20:01.907172,BNBUSDT,Sell,474.07,0
2021-08-25 00:20:21.852577,BNBUSDT,Buy,473.8,0
2021-08-25 00:21:02.818473,BNBUSDT,Sell,473.82,0
2021-08-25 00:21:08.707627,BNBUSDT,Buy,474.05,0
2021-08-25 00:21:17.059626,BNBUSDT,Sell,473.75,0
2021-08-25 00:21:22.711515,BNBUSDT,Buy,473.89,0
2021-08-25 00:21:32.481259,BNBUSDT,Sell,473.58,0
2021-08-25 00:21:51.713920,BNBUSDT,Buy,473.42,0
2021-08-25 00:22:00.193270,BNBUSDT,Sell,473.35,0
2021-08-25 00:22:08.792767,BNBUSDT,Buy,473.56,0
2021-08-25 00:22:18.580022,BNBUSDT,Sell,473.61,0
2021-08-25 00:22:24.443488,BNBUSDT,Buy,473.85,0
2021-08-25 00:22:32.992424,BNBUSDT,Sell,473.73,0
2021-08-25 00:22:59.312963,BNBUSDT,Buy,473.6,0
2021-08-25 00:23:02.140523,BNBUSDT,Sell,473.3,0
2021-08-25 00:23:10.861010,BNBUSDT,Buy,473.69,0
2021-08-25 00:23:18.508147,BNBUSDT,Sell,473.0,0
2021-08-25 00:23:24.874002,BNBUSDT,Buy,473.39,0
2021-08-25 00:23:36.487653,BNBUSDT,Sell,473.44,0
2021-08-25 00:23:49.988967,BNBUSDT,Buy,473.26,0
2021-08-25 00:23:59.867440,BNBUSDT,Sell,472.92,0
2021-08-25 00:24:04.063181,BNBUSDT,Buy,473.09,0
2021-08-25 00:24:08.246386,BNBUSDT,Sell,472.88,0
2021-08-25 00:24:45.777094,BNBUSDT,Buy,472.4,0
2021-08-25 00:25:07.320731,BNBUSDT,Sell,472.48,0
2021-08-25 00:25:23.596863,BNBUSDT,Buy,472.69,0
2021-08-25 00:25:50.609683,BNBUSDT,Sell,472.58,0
2021-08-25 00:25:57.816744,BNBUSDT,Buy,472.91,0
2021-08-25 00:26:20.096866,BNBUSDT,Sell,472.24,0
2021-08-25 00:26:22.858402,BNBUSDT,Buy,472.55,0
2021-08-25 00:26:51.478205,BNBUSDT,Sell,472.75,0
2021-08-25 00:27:20.949148,BNBUSDT,Buy,472.88,0
2021-08-25 00:27:36.654210,BNBUSDT,Sell,473.12,0
2021-08-25 00:28:05.836650,BNBUSDT,Buy,473.09,0
2021-08-25 00:29:12.434380,BNBUSDT,Sell,473.13,0
2021-08-25 00:29:33.976843,BNBUSDT,Buy,473.26,0
2021-08-25 00:29:41.252947,BNBUSDT,Sell,473.11,0
2021-08-25 00:29:54.936035,BNBUSDT,Buy,473.42,0
2021-08-25 00:30:03.216516,BNBUSDT,Sell,473.21,0
2021-08-25 00:30:31.011122,BNBUSDT,Buy,472.46,0
2021-08-25 00:30:40.703474,BNBUSDT,Sell,472.33,0
2021-08-25 00:30:45.226465,BNBUSDT,Buy,472.6,0
2021-08-25 00:30:49.709405,BNBUSDT,Sell,472.23,0
2021-08-25 00:31:05.265310,BNBUSDT,Buy,472.73,0
2021-08-25 00:31:09.522971,BNBUSDT,Sell,472.33,0
2021-08-25 00:32:13.614920,BNBUSDT,Buy,471.51,0
2021-08-25 00:32:29.426442,BNBUSDT,Sell,471.5,0
2021-08-25 00:32:39.806619,BNBUSDT,Buy,472.0,0
2021-08-25 00:32:46.041827,BNBUSDT,Sell,471.44,0
2021-08-25 00:33:05.031176,BNBUSDT,Buy,471.45,0
2021-08-25 00:33:17.618007,BNBUSDT,Sell,471.27,0
2021-08-25 00:33:27.471209,BNBUSDT,Buy,471.59,0
2021-08-25 00:33:44.027152,BNBUSDT,Sell,471.2,0
2021-08-25 00:33:51.826071,BNBUSDT,Buy,471.68,0
2021-08-25 00:34:12.682538,BNBUSDT,Sell,471.6,0
2021-08-25 00:34:18.563287,BNBUSDT,Buy,471.86,0
2021-08-25 00:35:03.113223,BNBUSDT,Sell,472.91,0
2021-08-25 00:35:33.012563,BNBUSDT,Buy,472.14,0
2021-08-25 00:35:37.229430,BNBUSDT,Sell,471.74,0
2021-08-25 00:35:59.709095,BNBUSDT,Buy,471.77,0
2021-08-25 00:36:18.058460,BNBUSDT,Sell,471.56,0
2021-08-25 00:36:23.611217,BNBUSDT,Buy,471.74,0
2021-08-25 00:36:30.654399,BNBUSDT,Sell,471.57,0
2021-08-25 00:36:50.278576,BNBUSDT,Buy,471.83,0
2021-08-25 00:36:59.210157,BNBUSDT,Sell,471.43,0
2021-08-25 00:37:05.063255,BNBUSDT,Buy,471.57,0
2021-08-25 00:37:12.742706,BNBUSDT,Sell,471.28,0
2021-08-25 00:37:26.424231,BNBUSDT,Buy,471.75,0
2021-08-25 00:37:31.091729,BNBUSDT,Sell,471.75,0
2021-08-25 00:38:19.996874,BNBUSDT,Buy,471.3,0
2021-08-25 00:38:37.380592,BNBUSDT,Sell,471.04,0
2021-08-25 00:38:40.390036,BNBUSDT,Buy,471.46,0
2021-08-25 00:39:02.202904,BNBUSDT,Sell,471.22,0
2021-08-25 00:39:13.335090,BNBUSDT,Buy,471.41,0
2021-08-25 00:39:52.389033,BNBUSDT,Sell,471.38,0
2021-08-25 00:40:24.341330,BNBUSDT,Buy,471.38,0
2021-08-25 00:40:51.017060,BNBUSDT,Sell,470.96,0
2021-08-25 00:41:43.918197,BNBUSDT,Buy,470.92,0
2021-08-25 00:42:02.695901,BNBUSDT,Sell,470.9,0
2021-08-25 00:42:35.624791,BNBUSDT,Buy,470.7,0
2021-08-25 00:42:50.086593,BNBUSDT,Sell,470.5,0
2021-08-25 00:43:08.426293,BNBUSDT,Buy,470.67,0
2021-08-25 00:43:36.700546,BNBUSDT,Sell,470.46,0
2021-08-25 00:43:52.693981,BNBUSDT,Buy,470.5,0
2021-08-25 00:44:01.992497,BNBUSDT,Sell,470.32,0
2021-08-25 00:44:21.972772,BNBUSDT,Buy,470.68,0
2021-08-25 00:44:34.762038,BNBUSDT,Sell,470.62,0
2021-08-25 00:45:00.058995,BNBUSDT,Buy,470.68,0
2021-08-25 00:45:04.489074,BNBUSDT,Sell,470.51,0
2021-08-25 00:46:06.238669,BNBUSDT,Buy,469.73,0
2021-08-25 00:46:46.205276,BNBUSDT,Sell,469.77,0
2021-08-25 00:47:19.657682,BNBUSDT,Buy,469.83,0
2021-08-25 00:47:42.552018,BNBUSDT,Sell,469.66,0
2021-08-25 00:48:13.953631,BNBUSDT,Buy,469.57,0
2021-08-25 00:48:29.904068,BNBUSDT,Sell,469.82,0
2021-08-25 00:48:51.033252,BNBUSDT,Buy,469.89,0
2021-08-25 00:49:46.361940,BNBUSDT,Sell,470.66,0
2021-08-25 00:50:13.609531,BNBUSDT,Buy,470.65,0
2021-08-25 00:50:34.830604,BNBUSDT,Sell,470.79,0
2021-08-25 00:51:15.854599,BNBUSDT,Buy,469.93,0
2021-08-25 00:51:35.026446,BNBUSDT,Sell,469.23,0
2021-08-25 00:51:48.295099,BNBUSDT,Buy,469.26,0
2021-08-25 00:51:52.528602,BNBUSDT,Sell,468.94,0
2021-08-25 00:52:05.836141,BNBUSDT,Buy,469.2,0
2021-08-25 00:52:30.531997,BNBUSDT,Sell,470.0,0
2021-08-25 00:53:13.622126,BNBUSDT,Buy,469.06,0
2021-08-25 00:53:19.246230,BNBUSDT,Sell,468.76,0
2021-08-25 00:53:29.353792,BNBUSDT,Buy,468.94,0
2021-08-25 00:53:36.713603,BNBUSDT,Sell,468.06,0
2021-08-25 00:54:20.524667,BNBUSDT,Buy,467.79,0
2021-08-25 00:54:34.714832,BNBUSDT,Sell,467.58,0
2021-08-25 00:54:41.789544,BNBUSDT,Buy,467.86,0
2021-08-25 00:54:50.290644,BNBUSDT,Sell,467.68,0
2021-08-25 00:55:02.528512,BNBUSDT,Buy,467.63,0
2021-08-25 00:55:23.147605,BNBUSDT,Sell,468.22,0
2021-08-25 00:55:27.402909,BNBUSDT,Buy,468.49,0
2021-08-25 00:55:31.673482,BNBUSDT,Sell,468.28,0
2021-08-25 00:55:40.242399,BNBUSDT,Buy,468.42,0
2021-08-25 00:55:51.923460,BNBUSDT,Sell,468.1,0
2021-08-25 00:56:06.150307,BNBUSDT,Buy,468.22,0
2021-08-25 00:56:22.683737,BNBUSDT,Sell,468.24,0
2021-08-25 00:56:28.665766,BNBUSDT,Buy,468.33,0
2021-08-25 00:57:01.336953,BNBUSDT,Sell,468.67,0
2021-08-25 00:57:16.139940,BNBUSDT,Buy,468.69,0
2021-08-25 00:57:20.817501,BNBUSDT,Sell,468.5,0
2021-08-25 00:57:23.864538,BNBUSDT,Buy,468.65,0
2021-08-25 00:57:44.792222,BNBUSDT,Sell,468.52,0
2021-08-25 00:58:15.879775,BNBUSDT,Buy,468.64,0
2021-08-25 00:59:04.747001,BNBUSDT,Sell,469.24,0
2021-08-25 00:59:07.643354,BNBUSDT,Buy,469.39,0
2021-08-25 00:59:11.947598,BNBUSDT,Sell,468.7,0
2021-08-25 00:59:15.336069,BNBUSDT,Buy,468.85,0
2021-08-25 00:59:21.283875,BNBUSDT,Sell,468.49,0
2021-08-25 00:59:38.509712,BNBUSDT,Buy,468.37,0
2021-08-25 00:59:47.275835,BNBUSDT,Sell,468.22,0
2021-08-25 01:00:05.092871,BNBUSDT,Buy,467.9,0
2021-08-25 01:01:24.416131,BNBUSDT,Sell,469.62,0
2021-08-25 01:01:30.278155,BNBUSDT,Buy,469.94,0
2021-08-25 01:01:55.542965,BNBUSDT,Sell,469.66,0
2021-08-25 01:02:26.446748,BNBUSDT,Buy,469.12,0
2021-08-25 01:02:34.951816,BNBUSDT,Sell,468.41,0
2021-08-25 01:02:46.619254,BNBUSDT,Buy,468.41,0
2021-08-25 01:02:52.607463,BNBUSDT,Sell,468.08,0
2021-08-25 01:02:59.894465,BNBUSDT,Buy,468.46,0
2021-08-25 01:03:09.113389,BNBUSDT,Sell,467.96,0
2021-08-25 01:03:21.164874,BNBUSDT,Buy,468.22,0
2021-08-25 01:03:24.353210,BNBUSDT,Sell,467.71,0
2021-08-25 01:03:30.245237,BNBUSDT,Buy,467.71,0
2021-08-25 01:03:37.519647,BNBUSDT,Sell,467.55,0
2021-08-25 01:03:46.690022,BNBUSDT,Buy,467.57,0
2021-08-25 01:03:54.561970,BNBUSDT,Sell,467.74,0
2021-08-25 01:04:08.823729,BNBUSDT,Buy,467.72,0
2021-08-25 01:04:16.199355,BNBUSDT,Sell,468.0,0
2021-08-25 01:04:24.984866,BNBUSDT,Buy,468.18,0
2021-08-25 01:04:36.598713,BNBUSDT,Sell,468.25,0
2021-08-25 01:04:39.464040,BNBUSDT,Buy,468.39,0
2021-08-25 01:04:57.137279,BNBUSDT,Sell,468.31,0
2021-08-25 01:05:05.419641,BNBUSDT,Buy,468.3,0
2021-08-25 01:06:03.489893,BNBUSDT,Sell,469.41,0
2021-08-25 01:06:10.580409,BNBUSDT,Buy,469.6,0
2021-08-25 01:06:16.463845,BNBUSDT,Sell,469.76,0
2021-08-25 01:06:27.775571,BNBUSDT,Buy,470.28,0
2021-08-25 01:06:34.895478,BNBUSDT,Sell,469.85,0
2021-08-25 01:06:39.188675,BNBUSDT,Buy,470.11,0
2021-08-25 01:06:47.729173,BNBUSDT,Sell,469.64,0
2021-08-25 01:06:55.322726,BNBUSDT,Buy,470.27,0
2021-08-25 01:07:00.999260,BNBUSDT,Sell,469.84,0
2021-08-25 01:07:14.125895,BNBUSDT,Buy,470.21,0
2021-08-25 01:07:24.064630,BNBUSDT,Sell,469.91,0
2021-08-25 01:07:33.224749,BNBUSDT,Buy,470.2,0
2021-08-25 01:07:41.973552,BNBUSDT,Sell,470.18,0
2021-08-25 01:07:47.609963,BNBUSDT,Buy,470.44,0
2021-08-25 01:08:00.657681,BNBUSDT,Sell,470.2,0
2021-08-25 01:08:08.364544,BNBUSDT,Buy,470.41,0
2021-08-25 01:08:24.016115,BNBUSDT,Sell,470.22,0
2021-08-25 01:08:35.438472,BNBUSDT,Buy,470.04,0
2021-08-25 01:09:21.612059,BNBUSDT,Sell,470.68,0
2021-08-25 01:09:25.871153,BNBUSDT,Buy,471.1,0
2021-08-25 01:09:31.565647,BNBUSDT,Sell,470.79,0
2021-08-25 01:09:44.990818,BNBUSDT,Buy,470.79,0
2021-08-25 01:09:54.036290,BNBUSDT,Sell,470.52,0
2021-08-25 01:10:45.134828,BNBUSDT,Buy,469.86,0
2021-08-25 01:10:58.116152,BNBUSDT,Sell,469.51,0
2021-08-25 01:11:03.754572,BNBUSDT,Buy,469.63,0
2021-08-25 01:11:06.877896,BNBUSDT,Sell,469.33,0
2021-08-25 01:11:35.885961,BNBUSDT,Buy,469.3,0
2021-08-25 01:11:55.036180,BNBUSDT,Sell,469.04,0
2021-08-25 01:12:14.213896,BNBUSDT,Buy,469.19,0
2021-08-25 01:12:42.894348,BNBUSDT,Sell,469.22,0
2021-08-25 01:12:58.603547,BNBUSDT,Buy,469.23,0
2021-08-25 01:13:01.666388,BNBUSDT,Sell,469.07,0
2021-08-25 01:13:42.727769,BNBUSDT,Buy,468.86,0
2021-08-25 01:14:15.232369,BNBUSDT,Sell,469.29,0
2021-08-25 01:14:30.013876,BNBUSDT,Buy,469.17,0
2021-08-25 01:14:35.682168,BNBUSDT,Sell,468.81,0
2021-08-25 01:15:02.034995,BNBUSDT,Buy,468.7,0
2021-08-25 01:15:17.619038,BNBUSDT,Sell,468.54,0
2021-08-25 01:15:29.656881,BNBUSDT,Buy,468.85,0
2021-08-25 01:15:57.163152,BNBUSDT,Sell,469.3,0
2021-08-25 01:16:04.446563,BNBUSDT,Buy,469.84,0
2021-08-25 01:16:41.773835,BNBUSDT,Sell,470.54,0
2021-08-25 01:16:47.492383,BNBUSDT,Buy,470.85,0
2021-08-25 01:17:04.624512,BNBUSDT,Sell,470.86,0
2021-08-25 01:17:19.727922,BNBUSDT,Buy,470.89,0
2021-08-25 01:18:10.989334,BNBUSDT,Sell,471.04,0
2021-08-25 01:18:39.091535,BNBUSDT,Buy,471.71,0
2021-08-25 01:18:45.024714,BNBUSDT,Sell,471.71,0
2021-08-25 01:18:54.403743,BNBUSDT,Buy,472.34,0
2021-08-25 01:19:03.061407,BNBUSDT,Sell,471.99,0
2021-08-25 01:19:29.384206,BNBUSDT,Buy,471.85,0
2021-08-25 01:19:42.354377,BNBUSDT,Sell,471.61,0
2021-08-25 01:20:05.000093,BNBUSDT,Buy,471.61,0
2021-08-25 01:20:10.763679,BNBUSDT,Sell,471.43,0
2021-08-25 01:20:26.593088,BNBUSDT,Buy,471.27,0
2021-08-25 01:20:53.781214,BNBUSDT,Sell,471.25,0
2021-08-25 01:21:07.856762,BNBUSDT,Buy,471.44,0
2021-08-25 01:21:33.119089,BNBUSDT,Sell,471.48,0
2021-08-25 01:21:35.924729,BNBUSDT,Buy,471.83,0
2021-08-25 01:21:48.685176,BNBUSDT,Sell,471.51,0
2021-08-25 01:22:22.362716,BNBUSDT,Buy,471.27,0
2021-08-25 01:22:34.170409,BNBUSDT,Sell,471.0,0
2021-08-25 01:22:59.411641,BNBUSDT,Buy,471.0,0
2021-08-25 01:23:44.719687,BNBUSDT,Sell,471.21,0
2021-08-25 01:23:47.509252,BNBUSDT,Buy,471.71,0
2021-08-25 01:23:57.888249,BNBUSDT,Sell,471.4,0
2021-08-25 01:24:26.918377,BNBUSDT,Buy,471.37,0
2021-08-25 01:24:38.692419,BNBUSDT,Sell,471.13,0
2021-08-25 01:25:04.495147,BNBUSDT,Buy,470.98,0
2021-08-25 01:25:08.730949,BNBUSDT,Sell,470.78,0
2021-08-25 01:25:19.545198,BNBUSDT,Buy,470.58,0
2021-08-25 01:25:34.522916,BNBUSDT,Sell,470.32,0
2021-08-25 01:25:59.177619,BNBUSDT,Buy,470.6,0
2021-08-25 01:26:15.390411,BNBUSDT,Sell,470.55,0
2021-08-25 01:27:46.454966,BNBUSDT,Buy,469.68,0
2021-08-25 01:28:16.926590,BNBUSDT,Sell,469.58,0
2021-08-25 01:28:24.258770,BNBUSDT,Buy,469.88,0
2021-08-25 01:28:53.422602,BNBUSDT,Sell,469.63,0
2021-08-25 01:29:19.994495,BNBUSDT,Buy,469.58,0
2021-08-25 01:29:40.459385,BNBUSDT,Sell,470.48,0
2021-08-25 01:29:59.775408,BNBUSDT,Buy,470.18,0
2021-08-25 01:30:02.632670,BNBUSDT,Sell,469.91,0
2021-08-25 01:30:33.282607,BNBUSDT,Buy,469.63,0
2021-08-25 01:30:55.161587,BNBUSDT,Sell,469.24,0
2021-08-25 01:31:01.085151,BNBUSDT,Buy,469.61,0
2021-08-25 01:31:05.548387,BNBUSDT,Sell,469.33,0
2021-08-25 01:31:26.553740,BNBUSDT,Buy,469.07,0
2021-08-25 01:31:53.015188,BNBUSDT,Sell,469.11,0
2021-08-25 01:32:13.421508,BNBUSDT,Buy,469.42,0
2021-08-25 01:32:19.254635,BNBUSDT,Sell,468.95,0
2021-08-25 01:33:12.194524,BNBUSDT,Buy,468.75,0
2021-08-25 01:33:21.041808,BNBUSDT,Sell,468.87,0
2021-08-25 01:33:30.028284,BNBUSDT,Buy,469.3,0
2021-08-25 01:33:34.249163,BNBUSDT,Sell,469.19,0
2021-08-25 01:33:38.460621,BNBUSDT,Buy,469.61,0
2021-08-25 01:33:45.491695,BNBUSDT,Sell,469.58,0
2021-08-25 01:34:07.376613,BNBUSDT,Buy,469.53,0
2021-08-25 01:34:16.090182,BNBUSDT,Sell,469.42,0
2021-08-25 01:35:15.541055,BNBUSDT,Buy,468.41,0
2021-08-25 01:35:26.520778,BNBUSDT,Sell,468.31,0
2021-08-25 01:35:36.897004,BNBUSDT,Buy,468.9,0
2021-08-25 01:35:47.000514,BNBUSDT,Sell,468.98,0
2021-08-25 01:36:14.044836,BNBUSDT,Buy,468.87,0
2021-08-25 01:36:31.400170,BNBUSDT,Sell,468.79,0
2021-08-25 01:36:45.898862,BNBUSDT,Buy,469.0,0
2021-08-25 01:37:19.387295,BNBUSDT,Sell,468.66,0
2021-08-25 01:37:33.017539,BNBUSDT,Buy,468.58,0
2021-08-25 01:37:44.212471,BNBUSDT,Sell,468.52,0
2021-08-25 01:38:16.424974,BNBUSDT,Buy,468.56,0
2021-08-25 01:38:56.571944,BNBUSDT,Sell,469.16,0
2021-08-25 01:39:18.509547,BNBUSDT,Buy,469.28,0
2021-08-25 01:40:01.636866,BNBUSDT,Sell,469.56,0
2021-08-25 01:40:07.442475,BNBUSDT,Buy,469.77,0
2021-08-25 01:40:25.825923,BNBUSDT,Sell,470.05,0
2021-08-25 01:40:34.928777,BNBUSDT,Buy,470.3,0
2021-08-25 01:40:41.244828,BNBUSDT,Sell,470.01,0
2021-08-25 01:40:48.796440,BNBUSDT,Buy,470.3,0
2021-08-25 01:41:04.508351,BNBUSDT,Sell,470.05,0
2021-08-25 01:41:23.388758,BNBUSDT,Buy,470.05,0
2021-08-25 01:42:14.137561,BNBUSDT,Sell,471.62,0
2021-08-25 01:42:30.458729,BNBUSDT,Buy,472.13,0
2021-08-25 01:42:53.484170,BNBUSDT,Sell,471.94,0
2021-08-25 01:43:31.257111,BNBUSDT,Buy,471.76,0
2021-08-25 01:44:07.906107,BNBUSDT,Sell,472.25,0
2021-08-25 01:44:26.919376,BNBUSDT,Buy,472.46,0
2021-08-25 01:44:50.241196,BNBUSDT,Sell,472.52,0
2021-08-25 01:45:01.663102,BNBUSDT,Buy,472.52,0
2021-08-25 01:45:04.529032,BNBUSDT,Sell,472.11,0
2021-08-25 01:45:23.452380,BNBUSDT,Buy,472.0,0
2021-08-25 01:45:26.277948,BNBUSDT,Sell,471.88,0
2021-08-25 01:45:46.350379,BNBUSDT,Buy,471.41,0
2021-08-25 01:46:14.748626,BNBUSDT,Sell,471.27,0
2021-08-25 01:47:09.237692,BNBUSDT,Buy,470.72,0
2021-08-25 01:47:17.764957,BNBUSDT,Sell,470.65,0
2021-08-25 01:48:07.796832,BNBUSDT,Buy,470.54,0
2021-08-25 01:48:14.809688,BNBUSDT,Sell,470.27,0
2021-08-25 01:48:41.518745,BNBUSDT,Buy,470.4,0
2021-08-25 01:48:47.367580,BNBUSDT,Sell,470.17,0
2021-08-25 01:48:54.529799,BNBUSDT,Buy,470.44,0
2021-08-25 01:49:51.737489,BNBUSDT,Sell,471.1,0
2021-08-25 01:50:36.263827,BNBUSDT,Buy,470.29,0
2021-08-25 01:50:44.924822,BNBUSDT,Sell,470.11,0
2021-08-25 01:51:12.181864,BNBUSDT,Buy,470.31,0
2021-08-25 01:51:41.356405,BNBUSDT,Sell,471.64,0
2021-08-25 01:51:44.196280,BNBUSDT,Buy,471.98,0
2021-08-25 01:51:49.985875,BNBUSDT,Sell,471.88,0
2021-08-25 01:52:03.092717,BNBUSDT,Buy,472.26,0
2021-08-25 01:52:21.873532,BNBUSDT,Sell,472.22,0
2021-08-25 01:52:30.814481,BNBUSDT,Buy,472.37,0
2021-08-25 01:52:36.429788,BNBUSDT,Sell,472.06,0
2021-08-25 01:52:42.169239,BNBUSDT,Buy,472.13,0
2021-08-25 01:52:50.992185,BNBUSDT,Sell,471.86,0
2021-08-25 01:53:04.595383,BNBUSDT,Buy,472.03,0
2021-08-25 01:53:46.925914,BNBUSDT,Sell,472.38,0
2021-08-25 01:53:58.354801,BNBUSDT,Buy,472.55,0
2021-08-25 01:54:06.981538,BNBUSDT,Sell,472.39,0
2021-08-25 01:54:24.605816,BNBUSDT,Buy,472.91,0
2021-08-25 01:54:36.337155,BNBUSDT,Sell,472.77,0
2021-08-25 01:54:40.670553,BNBUSDT,Buy,472.92,0
2021-08-25 01:55:01.952,BNBUSDT,Sell,472.85,0
2021-08-25 01:55:04.765151,BNBUSDT,Buy,473.02,0
2021-08-25 01:55:19.049133,BNBUSDT,Sell,472.77,0
2021-08-25 01:55:59.006048,BNBUSDT,Buy,472.33,0
2021-08-25 01:56:12.822326,BNBUSDT,Sell,472.07,0
2021-08-25 01:56:27.394143,BNBUSDT,Buy,472.17,0
2021-08-25 01:56:54.000562,BNBUSDT,Sell,471.75,0
2021-08-25 01:57:15.237781,BNBUSDT,Buy,471.95,0
2021-08-25 01:57:48.766016,BNBUSDT,Sell,473.3,0
2021-08-25 01:57:55.826314,BNBUSDT,Buy,473.49,0
2021-08-25 01:58:01.593480,BNBUSDT,Sell,473.22,0
2021-08-25 01:58:17.263251,BNBUSDT,Buy,473.4,0
2021-08-25 01:58:24.412579,BNBUSDT,Sell,473.38,0
2021-08-25 01:58:49.259704,BNBUSDT,Buy,473.53,0
2021-08-25 02:00:02.793677,BNBUSDT,Sell,473.98,0
2021-08-25 02:00:14.254278,BNBUSDT,Buy,473.64,0
2021-08-25 02:00:52.193795,BNBUSDT,Sell,473.72,0
2021-08-25 02:00:59.555234,BNBUSDT,Buy,474.06,0
2021-08-25 02:01:31.008257,BNBUSDT,Sell,474.02,0
2021-08-25 02:01:53.814494,BNBUSDT,Buy,474.29,0
2021-08-25 02:02:53.948588,BNBUSDT,Sell,475.45,0
2021-08-25 02:03:08.221481,BNBUSDT,Buy,475.24,0
2021-08-25 02:03:21.073170,BNBUSDT,Sell,475.29,0
2021-08-25 02:03:34.490973,BNBUSDT,Buy,475.47,0
2021-08-25 02:04:03.345324,BNBUSDT,Sell,475.82,0
2021-08-25 02:04:12.415374,BNBUSDT,Buy,476.55,0
2021-08-25 02:04:51.728434,BNBUSDT,Sell,476.78,0
2021-08-25 02:05:04.844185,BNBUSDT,Buy,476.76,0
2021-08-25 02:05:09.065028,BNBUSDT,Sell,476.52,0
2021-08-25 02:05:48.098525,BNBUSDT,Buy,476.0,0
2021-08-25 02:06:28.092425,BNBUSDT,Sell,476.61,0
2021-08-25 02:06:41.065961,BNBUSDT,Buy,476.51,0
2021-08-25 02:06:51.421544,BNBUSDT,Sell,476.03,0
2021-08-25 02:06:54.387960,BNBUSDT,Buy,476.21,0
2021-08-25 02:07:30.073769,BNBUSDT,Sell,476.51,0
2021-08-25 02:07:37.677016,BNBUSDT,Buy,476.65,0
2021-08-25 02:07:48.398244,BNBUSDT,Sell,476.21,0
2021-08-25 02:08:31.763326,BNBUSDT,Buy,476.11,0
2021-08-25 02:09:39.461076,BNBUSDT,Sell,476.15,0
2021-08-25 02:09:56.031253,BNBUSDT,Buy,476.63,0
2021-08-25 02:10:09.130275,BNBUSDT,Sell,476.48,0
2021-08-25 02:11:09.436772,BNBUSDT,Buy,475.74,0
2021-08-25 02:11:34.387780,BNBUSDT,Sell,475.51,0
2021-08-25 02:11:57.913402,BNBUSDT,Buy,475.77,0
2021-08-25 02:12:02.216588,BNBUSDT,Sell,475.6,0
2021-08-25 02:12:13.690650,BNBUSDT,Buy,475.8,0
2021-08-25 02:12:29.472795,BNBUSDT,Sell,475.52,0
2021-08-25 02:13:08.447034,BNBUSDT,Buy,475.59,0
2021-08-25 02:13:44.911533,BNBUSDT,Sell,475.33,0
2021-08-25 02:14:44.418278,BNBUSDT,Buy,475.57,0
2021-08-25 02:14:48.965284,BNBUSDT,Sell,475.36,0
2021-08-25 02:14:53.796750,BNBUSDT,Buy,475.7,0
2021-08-25 02:15:12.691588,BNBUSDT,Sell,475.61,0
2021-08-25 02:15:34.896042,BNBUSDT,Buy,475.62,0
2021-08-25 02:15:48.217149,BNBUSDT,Sell,475.29,0
2021-08-25 02:16:24.079728,BNBUSDT,Buy,474.87,0
2021-08-25 02:16:55.412456,BNBUSDT,Sell,474.83,0
2021-08-25 02:17:01.362963,BNBUSDT,Buy,474.96,0
2021-08-25 02:17:26.927438,BNBUSDT,Sell,474.91,0
2021-08-25 02:18:07.442188,BNBUSDT,Buy,474.62,0
2021-08-25 02:18:25.121011,BNBUSDT,Sell,474.56,0
2021-08-25 02:18:41.152421,BNBUSDT,Buy,474.68,0
2021-08-25 02:19:21.551830,BNBUSDT,Sell,474.88,0
2021-08-25 02:19:43.777838,BNBUSDT,Buy,475.11,0
2021-08-25 02:20:03.106455,BNBUSDT,Sell,475.2,0
2021-08-25 02:21:08.461015,BNBUSDT,Buy,474.21,0
2021-08-25 02:21:14.505591,BNBUSDT,Sell,473.78,0
2021-08-25 02:21:24.724988,BNBUSDT,Buy,473.74,0
2021-08-25 02:21:53.975186,BNBUSDT,Sell,473.24,0
2021-08-25 02:22:02.753751,BNBUSDT,Buy,473.55,0
2021-08-25 02:22:05.625710,BNBUSDT,Sell,473.42,0
2021-08-25 02:22:33.462923,BNBUSDT,Buy,473.38,0
2021-08-25 02:22:47.935435,BNBUSDT,Sell,473.04,0
2021-08-25 02:23:07.433672,BNBUSDT,Buy,473.34,0
2021-08-25 02:23:17.423322,BNBUSDT,Sell,472.86,0
2021-08-25 02:23:25.975646,BNBUSDT,Buy,473.23,0
2021-08-25 02:23:30.290011,BNBUSDT,Sell,473.03,0
2021-08-25 02:23:55.334692,BNBUSDT,Buy,473.03,0
2021-08-25 02:24:03.945252,BNBUSDT,Sell,472.85,0
2021-08-25 02:24:14.046150,BNBUSDT,Buy,473.05,0
2021-08-25 02:24:18.449295,BNBUSDT,Sell,472.72,0
2021-08-25 02:24:29.680026,BNBUSDT,Buy,472.78,0
2021-08-25 02:24:38.105745,BNBUSDT,Sell,472.52,0
2021-08-25 02:24:54.190945,BNBUSDT,Buy,472.86,0
2021-08-25 02:25:01.624171,BNBUSDT,Sell,472.76,0
2021-08-25 02:25:42.538746,BNBUSDT,Buy,472.22,0
2021-08-25 02:25:48.569865,BNBUSDT,Sell,471.97,0
2021-08-25 02:25:57.569207,BNBUSDT,Buy,471.84,0
2021-08-25 02:26:45.626086,BNBUSDT,Sell,472.68,0
2021-08-25 02:27:13.748153,BNBUSDT,Buy,471.73,0
2021-08-25 02:27:20.826415,BNBUSDT,Sell,471.28,0
2021-08-25 02:27:43.667901,BNBUSDT,Buy,471.4,0
2021-08-25 02:28:31.453944,BNBUSDT,Sell,471.83,0
2021-08-25 02:28:35.686376,BNBUSDT,Buy,472.28,0
2021-08-25 02:28:42.967284,BNBUSDT,Sell,472.0,0
2021-08-25 02:29:08.448115,BNBUSDT,Buy,472.19,0
2021-08-25 02:29:15.533411,BNBUSDT,Sell,471.8,0
2021-08-25 02:29:42.899912,BNBUSDT,Buy,471.58,0
2021-08-25 02:30:04.487256,BNBUSDT,Sell,471.57,0
2021-08-25 02:30:08.743987,BNBUSDT,Buy,471.99,0
2021-08-25 02:30:45.168292,BNBUSDT,Sell,472.65,0
2021-08-25 02:31:51.027602,BNBUSDT,Buy,471.17,0
2021-08-25 02:32:14.437566,BNBUSDT,Sell,471.35,0
2021-08-25 02:32:19.238161,BNBUSDT,Buy,471.64,0
2021-08-25 02:33:07.182409,BNBUSDT,Sell,471.87,0
2021-08-25 02:33:25.940405,BNBUSDT,Buy,471.78,0
2021-08-25 02:34:02.193960,BNBUSDT,Sell,472.29,0
2021-08-25 02:34:33.211644,BNBUSDT,Buy,472.54,0
2021-08-25 02:35:02.462995,BNBUSDT,Sell,472.73,0
2021-08-25 02:35:24.403676,BNBUSDT,Buy,472.54,0
2021-08-25 02:36:11.986311,BNBUSDT,Sell,474.04,0
2021-08-25 02:36:16.334862,BNBUSDT,Buy,474.35,0
2021-08-25 02:36:26.588624,BNBUSDT,Sell,474.37,0
2021-08-25 02:36:29.416483,BNBUSDT,Buy,474.75,0
2021-08-25 02:37:03.896338,BNBUSDT,Sell,474.73,0
2021-08-25 02:37:20.374446,BNBUSDT,Buy,474.43,0
2021-08-25 02:37:25.997999,BNBUSDT,Sell,474.17,0
2021-08-25 02:37:33.148436,BNBUSDT,Buy,474.07,0
2021-08-25 02:37:49.828915,BNBUSDT,Sell,473.93,0
2021-08-25 02:37:54.314982,BNBUSDT,Buy,474.16,0
2021-08-25 02:37:58.534634,BNBUSDT,Sell,473.83,0
2021-08-25 02:39:00.875812,BNBUSDT,Buy,472.97,0
2021-08-25 02:39:58.047014,BNBUSDT,Sell,473.72,0
2021-08-25 02:40:15.261503,BNBUSDT,Buy,473.31,0
2021-08-25 02:40:24.533591,BNBUSDT,Sell,472.8,0
2021-08-25 02:40:57.140370,BNBUSDT,Buy,472.55,0
2021-08-25 02:41:02.813804,BNBUSDT,Sell,472.4,0
2021-08-25 02:41:08.878087,BNBUSDT,Buy,472.63,0
2021-08-25 02:41:20.549743,BNBUSDT,Sell,472.06,0
2021-08-25 02:42:08.473562,BNBUSDT,Buy,472.03,0
2021-08-25 02:42:37.541612,BNBUSDT,Sell,472.49,0
2021-08-25 02:42:56.165344,BNBUSDT,Buy,472.58,0
2021-08-25 02:43:01.800728,BNBUSDT,Sell,472.25,0
2021-08-25 02:43:10.776375,BNBUSDT,Buy,472.5,0
2021-08-25 02:43:28.193173,BNBUSDT,Sell,472.75,0
2021-08-25 02:43:59.066844,BNBUSDT,Buy,472.13,0
2021-08-25 02:44:02.031046,BNBUSDT,Sell,471.76,0
2021-08-25 02:44:07.736689,BNBUSDT,Buy,472.0,0
2021-08-25 02:44:15.114428,BNBUSDT,Sell,471.9,0
2021-08-25 02:44:22.569163,BNBUSDT,Buy,472.24,0
2021-08-25 02:44:31.292760,BNBUSDT,Sell,471.72,0
2021-08-25 02:44:35.833509,BNBUSDT,Buy,472.14,0
2021-08-25 02:45:00.054916,BNBUSDT,Sell,472.08,0
2021-08-25 02:45:06.133222,BNBUSDT,Buy,472.25,0
2021-08-25 02:45:32.164612,BNBUSDT,Sell,472.6,0
2021-08-25 02:45:42.020755,BNBUSDT,Buy,473.18,0
2021-08-25 02:45:56.716116,BNBUSDT,Sell,473.79,0
2021-08-25 02:46:06.809920,BNBUSDT,Buy,474.27,0
2021-08-25 02:46:22.909077,BNBUSDT,Sell,474.34,0
2021-08-25 02:46:37.306809,BNBUSDT,Buy,474.78,0
2021-08-25 02:46:52.803617,BNBUSDT,Sell,474.8,0
2021-08-25 02:47:07.154659,BNBUSDT,Buy,475.08,0
2021-08-25 02:47:18.859386,BNBUSDT,Sell,474.85,0
2021-08-25 02:47:29.086469,BNBUSDT,Buy,475.21,0
2021-08-25 02:47:33.365003,BNBUSDT,Sell,474.91,0
2021-08-25 02:47:43.603394,BNBUSDT,Buy,475.59,0
2021-08-25 02:47:52.042004,BNBUSDT,Sell,475.6,0
2021-08-25 02:47:56.687623,BNBUSDT,Buy,476.06,0
2021-08-25 02:48:02.686978,BNBUSDT,Sell,475.6,0
2021-08-25 02:48:10.092703,BNBUSDT,Buy,476.02,0
2021-08-25 02:48:24.726949,BNBUSDT,Sell,475.75,0
2021-08-25 02:48:27.596516,BNBUSDT,Buy,475.75,0
2021-08-25 02:48:31.912986,BNBUSDT,Sell,475.55,0
2021-08-25 02:48:43.702670,BNBUSDT,Buy,475.84,0
2021-08-25 02:48:49.437646,BNBUSDT,Sell,475.71,0
2021-08-25 02:48:55.113726,BNBUSDT,Buy,475.97,0
2021-08-25 02:49:48.722753,BNBUSDT,Sell,476.33,0
2021-08-25 02:49:57.229313,BNBUSDT,Buy,476.5,0
2021-08-25 02:50:04.918861,BNBUSDT,Sell,476.39,0
2021-08-25 02:50:31.079561,BNBUSDT,Buy,475.86,0
2021-08-25 02:50:41.299937,BNBUSDT,Sell,476.09,0
2021-08-25 02:51:17.137012,BNBUSDT,Buy,476.34,0
2021-08-25 02:51:54.842775,BNBUSDT,Sell,476.57,0
2021-08-25 02:52:10.449737,BNBUSDT,Buy,476.66,0
2021-08-25 02:52:29.279138,BNBUSDT,Sell,477.78,0
2021-08-25 02:52:36.445034,BNBUSDT,Buy,477.79,0
2021-08-25 02:52:52.750238,BNBUSDT,Sell,477.63,0
2021-08-25 02:52:57.012965,BNBUSDT,Buy,478.19,0
2021-08-25 02:53:13.457046,BNBUSDT,Sell,478.1,0
2021-08-25 02:53:20.586730,BNBUSDT,Buy,478.71,0
2021-08-25 02:53:38.061403,BNBUSDT,Sell,478.75,0
2021-08-25 02:53:46.499242,BNBUSDT,Buy,479.34,0
2021-08-25 02:53:56.408606,BNBUSDT,Sell,479.02,0
2021-08-25 02:54:16.052566,BNBUSDT,Buy,478.75,0
2021-08-25 02:54:52.939806,BNBUSDT,Sell,479.9,0
2021-08-25 02:56:25.051846,BNBUSDT,Buy,478.67,0
2021-08-25 02:56:47.552197,BNBUSDT,Sell,478.92,0
2021-08-25 02:57:07.598618,BNBUSDT,Buy,479.0,0
2021-08-25 02:57:11.987665,BNBUSDT,Sell,478.45,0
2021-08-25 02:57:51.746233,BNBUSDT,Buy,478.2,0
2021-08-25 02:58:09.436435,BNBUSDT,Sell,478.04,0
2021-08-25 02:58:40.413575,BNBUSDT,Buy,477.88,0
2021-08-25 02:58:59.283402,BNBUSDT,Sell,477.57,0
2021-08-25 02:59:11.144902,BNBUSDT,Buy,477.78,0
2021-08-25 02:59:31.318070,BNBUSDT,Sell,477.59,0
2021-08-25 02:59:43.050822,BNBUSDT,Buy,477.85,0
2021-08-25 03:00:03.438853,BNBUSDT,Sell,477.77,0
2021-08-25 03:00:42.915619,BNBUSDT,Buy,476.82,0
2021-08-25 03:00:47.134684,BNBUSDT,Sell,476.58,0
2021-08-25 03:00:56.962192,BNBUSDT,Buy,476.88,0
2021-08-25 03:01:01.429212,BNBUSDT,Sell,476.57,0
2021-08-25 03:02:03.677706,BNBUSDT,Buy,475.97,0
2021-08-25 03:02:29.675357,BNBUSDT,Sell,475.87,0
2021-08-25 03:02:59.810212,BNBUSDT,Buy,474.69,0
2021-08-25 03:03:05.868064,BNBUSDT,Sell,474.82,0
2021-08-25 03:03:23.154095,BNBUSDT,Buy,474.79,0
2021-08-25 03:03:31.575773,BNBUSDT,Sell,474.59,0
2021-08-25 03:03:38.601232,BNBUSDT,Buy,475.04,0
2021-08-25 03:03:57.252360,BNBUSDT,Sell,475.03,0
2021-08-25 03:04:04.397986,BNBUSDT,Buy,475.35,0
2021-08-25 03:04:21.894589,BNBUSDT,Sell,475.61,0
2021-08-25 03:04:26.079238,BNBUSDT,Buy,476.0,0
2021-08-25 03:04:37.242163,BNBUSDT,Sell,475.5,0
2021-08-25 03:05:24.837304,BNBUSDT,Buy,475.02,0
2021-08-25 03:05:34.837441,BNBUSDT,Sell,474.75,0
2021-08-25 03:05:54.959845,BNBUSDT,Buy,475.06,0
2021-08-25 03:06:14.769432,BNBUSDT,Sell,475.08,0
2021-08-25 03:06:32.116641,BNBUSDT,Buy,475.02,0
2021-08-25 03:06:56.320027,BNBUSDT,Sell,474.74,0
2021-08-25 03:07:04.817945,BNBUSDT,Buy,474.98,0
2021-08-25 03:07:13.848504,BNBUSDT,Sell,474.82,0
2021-08-25 03:07:31.349395,BNBUSDT,Buy,475.02,0
2021-08-25 03:08:38.629778,BNBUSDT,Sell,476.64,0
2021-08-25 03:09:05.702444,BNBUSDT,Buy,476.47,0
2021-08-25 03:09:09.901716,BNBUSDT,Sell,476.23,0
2021-08-25 03:09:38.414519,BNBUSDT,Buy,476.15,0
2021-08-25 03:10:03.550609,BNBUSDT,Sell,476.49,0
2021-08-25 03:10:09.181474,BNBUSDT,Buy,476.89,0
2021-08-25 03:10:41.920789,BNBUSDT,Sell,476.81,0
2021-08-25 03:10:52.037613,BNBUSDT,Buy,477.15,0
2021-08-25 03:12:02.357553,BNBUSDT,Sell,477.51,0
2021-08-25 03:12:10.815793,BNBUSDT,Buy,477.3,0
2021-08-25 03:14:12.219324,BNBUSDT,Sell,479.39,0
2021-08-25 03:14:15.351539,BNBUSDT,Buy,479.49,0
2021-08-25 03:14:31.285380,BNBUSDT,Sell,479.68,0
2021-08-25 03:14:45.921874,BNBUSDT,Buy,479.81,0
2021-08-25 03:15:06.225686,BNBUSDT,Sell,479.59,0
